<?xml version = "1.0" encoding = "UTF-8"?><OAI-PMH xmlns="http://www.openarchives.org/OAI/2.0/" xmlns:xsi="http://www.w3.org/2001/XMLSchema-instance" xsi:schemaLocation="http://www.openarchives.org/OAI/2.0/ http://www.openarchives.org/OAI/2.0/OAI-PMH.xsd"><ListRecords><record><header><identifier>aleph-publish:018395838</identifier></header><metadata><record xmlns="http://www.ddb.de/professionell/mabxml/mabxml-1.xsd"><leader>00366pM2.01200024------h</leader><controlfield tag="LDR">00366pM2.01200024------h</controlfield><controlfield tag="FMT">MH</controlfield><datafield tag="001" ind1="-" ind2="1"><subfield code="a">HT016692738</subfield></datafield><datafield tag="002" ind1="a" ind2="1"><subfield code="a">20110207</subfield></datafield><datafield tag="003" ind1="-" ind2="1"><subfield code="a">20211004</subfield></datafield><datafield tag="025" ind1="o" ind2="1"><subfield code="a">706989442</subfield></datafield><datafield tag="025" ind1="a" ind2="1"><subfield code="a">1009900439</subfield></datafield><datafield tag="026" ind1="-" ind2="1"><subfield code="a">DNB1009900439</subfield></datafield><controlfield tag="030">a|1dz||z|||17</controlfield><datafield tag="036" ind1="a" ind2="1"><subfield code="a">XA-DE</subfield></datafield><datafield tag="037" ind1="b" ind2="1"><subfield code="a">ger</subfield></datafield><controlfield tag="050">a|a|||||||||||</controlfield><controlfield tag="051">m|||z|||</controlfield><datafield tag="070" ind1="-" ind2="1"><subfield code="a">6</subfield></datafield><datafield tag="070" ind1="a" ind2="1"><subfield code="a">DNB</subfield></datafield><datafield tag="070" ind1="b" ind2="1"><subfield code="a">6</subfield></datafield><datafield tag="078" ind1="n" ind2="1"><subfield code="a">NWBib-6</subfield></datafield><datafield tag="080" ind1="-" ind2="1"><subfield code="a">60</subfield></datafield><datafield tag="100" ind1="-" ind2="1"><subfield code="p">Tönsmeyer, Hans Dieter</subfield><subfield code="9">(DE-588)111982227</subfield></datafield><datafield tag="101" ind1="-" ind2="1"><subfield code="p">Tönsmeyer, Hans-Dieter</subfield></datafield><datafield tag="101" ind1="-" ind2="1"><subfield code="p">Tönsmeyer, Hans-D.</subfield></datafield><datafield tag="101" ind1="-" ind2="1"><subfield code="p">Tönsmeyer, Hans D.</subfield></datafield><datafield tag="331" ind1="-" ind2="1"><subfield code="a">Rösenbeck</subfield></datafield><datafield tag="335" ind1="-" ind2="1"><subfield code="a">Orts- und Landesgeschichte am Beispiel eines Bredelarer Klosterdorfes</subfield></datafield><datafield tag="359" ind1="-" ind2="1"><subfield code="a">Hans Dieter Tönsmeyer</subfield></datafield><datafield tag="410" ind1="a" ind2="1"><subfield code="a">Marsberg</subfield></datafield><datafield tag="412" ind1="a" ind2="1"><subfield code="a">Boxberger</subfield></datafield><datafield tag="425" ind1="a" ind2="1"><subfield code="a">2010</subfield></datafield><datafield tag="433" ind1="-" ind2="1"><subfield code="a">188 S. : Ill., graph. Darst., Kt.</subfield></datafield><datafield tag="540" ind1="a" ind2="1"><subfield code="a">3-9800313-5-7</subfield></datafield><datafield tag="655" ind1="e" ind2="1"><subfield code="m">V:DE-604</subfield><subfield code="q">application/pdf</subfield><subfield code="u">http://digitale-objekte.hbz-nrw.de/storage2/2019/08/02/file_154/8623447.pdf</subfield><subfield code="3">Inhaltsverzeichnis</subfield><subfield code="A">2</subfield></datafield><datafield tag="700" ind1="n" ind2="1"><subfield code="a">Rösenbeck</subfield><subfield code="0">https://nwbib.de/spatial#Q1773509</subfield></datafield><datafield tag="700" ind1="n" ind2="1"><subfield code="a">Landesbeschreibungen</subfield><subfield code="0">https://nwbib.de/subjects#N102000</subfield></datafield><datafield tag="700" ind1="n" ind2="1"><subfield code="a">Geschichte</subfield><subfield code="0">https://nwbib.de/subjects#N240000</subfield></datafield><datafield tag="902" ind1="-" ind2="1"><subfield code="g">Brilon-Rösenbeck</subfield><subfield code="9">(DE-588)7733018-3</subfield></datafield><datafield tag="902" ind1="-" ind2="1"><subfield code="s">Heimatkunde</subfield><subfield code="9">(DE-588)4127794-6</subfield></datafield><datafield tag="907" ind1="-" ind2="1"><subfield code="g">Brilon-Rösenbeck</subfield><subfield code="9">(DE-588)7733018-3</subfield></datafield><datafield tag="907" ind1="-" ind2="1"><subfield code="z">Geschichte</subfield></datafield><controlfield tag="SYS">018395838</controlfield><datafield tag="952" ind1="-" ind2="1"><subfield code="s">Heimatforschung</subfield></datafield><datafield tag="952" ind1="-" ind2="1"><subfield code="s">Heimatgeschichte</subfield></datafield><datafield tag="088" ind1=" " ind2=" "><subfield code="a">466</subfield><subfield code="c">LUHB1738</subfield><subfield code="e">keine Angabe</subfield></datafield><datafield tag="088" ind1=" " ind2=" "><subfield code="a">6</subfield><subfield code="c">2D 8155</subfield><subfield code="e">keine Angabe</subfield></datafield><datafield tag="088" ind1=" " ind2=" "><subfield code="a">6/139a</subfield><subfield code="c">O 1725</subfield><subfield code="e">keine Angabe</subfield></datafield><datafield tag="088" ind1=" " ind2=" "><subfield code="a">361</subfield><subfield code="b">14G_M</subfield><subfield code="c">DE900+RO718 T641</subfield><subfield code="e">ILL Kopie+Ausl.</subfield></datafield></record></metadata></record></ListRecords></OAI-PMH>